% Encoding: UTF-8

@Misc{nakamotoBitcoin2008,
  author = {Satoshi Nakamoto},
  title  = {bitcoin: a peer-to-peer electronic cash system},
  year   = {2008},
  url    = {https://bitcoin.org/bitcoin.pdf},
}

@article{mengerOrigin1892,
  title={On the Origin of Money},
  author={Menger, Karl},
  journal={The Economic Journal},
  volume={2},
  number={6},
  pages={239--255},
  year={1892},
  publisher={JSTOR}
  }
  
  @article{kocherlakotaMoney1998,
  title={Money Is Memory},
  author={Kocherlakota, Narayana R},
  journal={Journal of Economic Theory},
  volume={81},
  number={2},
  pages={232--251},
  year={1998},
   publisher={Elsevier}
}